% This is jfm2esam.bib v1.0 08/14/02


@Article{Shiels2001,
  Title                    = {Flow-induced vibration of a circular cylinder at limiting structural parameters},
  Author                   = {Shiels, D. and Leonard, A. and Roshko, A.},
  Journal                  = {Journal of Fluids and Structures},
  Year                     = {2001},
  Pages                    = {3-21},
  Volume                   = {15},

  Owner                    = {daniel},
  Timestamp                = {2014.09.25}
}
@article{Blackburn1999,
  title={A study of two-dimensional flow past an oscillating cylinder},
  author={Blackburn, H.M. and Henderson, R.D.},
  journal={Journal of Fluid Mechanics},
  volume={385},
  pages={255--286},
  year={1999}
}


@article{Jaiman2011,
        author = {Jaiman, R. K. and P. Geubelle and E. Loth and X. Jiao},
        title = {Transient Fluid-Structure Interaction with Non-matching Spatial and Temporal Discretizations}, 
  	    journal = {Computers and Fluids},
        year = {2011},  
        volume = 50,
        pages = {120--135}
	}
@article{sarpkaya2004,
  title={A critical review of the intrinsic nature of vortex-induced vibrations},
  author={Sarpkaya, T.},
  journal={Journal of Fluids and Structures},
  volume={19},
  number={4},
  pages={389--447},
  year={2004},
  publisher={Elsevier}
}
@article{Williamson2004,
        title={Vortex-induced vibrations},
        author={Williamson, C. H. K. and Govardhan, R.},
        journal={Annual Review of Fluid Mechanics},
        volume={36},
        pages={413--455},
        year={2004}
}
@article{bearman2011,
  title={Circular cylinder wakes and vortex-induced vibrations},
  author={Bearman, P. W.},
  journal={Journal of Fluids and Structures},
  volume={27},
  number={5},
  pages={648--658},
  year={2011},
  publisher={Elsevier}
}


@article{DeLangre2006,
author = {De Langre, E.},
journal = {Journal of Fluids and Structures},
number = {6-7},
pages = {783--791},
title = {{Frequency lock-in is caused by coupled-mode flutter}},
volume = {22},
year = {2006}
}

@article{Flinois2016,
author = {Flinois, T. L. B. and Morgans, A. S.},
journal = {Journal of Fluid Mechanics},
pages = {41--78},
publisher = {Cambridge University Press},
title = {{Feedback control of unstable flows: a direct modelling approach using the Eigensystem Realisation Algorithm}},
volume = {793},
year = {2016}
}

@article{Flinois2015,
author = {Flinois, T. L. B. and Morgans, A. S. and Schmid, P. J.},
journal = {Physical Review E - Statistical, Nonlinear, and Soft Matter Physics},
number = {2},
pages = {1--31},
title = {{Projection-free approximate balanced truncation of large unstable systems}},
volume = {92},
year = {2015}
}

@article{HoKalman1966,
author = {Ho, B. L. and Kalman, R. E.},
journal = {Regelungstechnik},
number = {14},
pages = {545--592},
title = {{Effective construction of linear state-variable models from input–output functions}},
volume = {12},
year = {1966}
}

@article{Juang1985,
author = {Juang, J.-N. and Pappa, R. S.},
journal = {J. Guidance},
number = {5},
pages = {620--627},
title = {{An Eigensystem Realization Algorithm for Modal Parameter Identification and Model Reduction}},
volume = {8},
year = {1985}
}

@article{Liu2014,
author = {Liu, J. and Jaiman, R. K. and Gurugubelli, P. S.},
journal = {Journal of Computational Physics},
month = {aug},
pages = {687--710},
title = {{A stable second-order scheme for fluid-structure interaction with strong added-mass effects}},
volume = {270},
year = {2014}
}

@article{Ma2011,
author = {Ma, Z. and Ahuja, S. and Rowley, C. W.},
journal = {Theoretical and Computational Fluid Dynamics},
number = {1-4},
pages = {233--247},
title = {{Reduced-order models for control of fluids using the eigensystem realization algorithm}},
volume = {25},
year = {2011}
}

@article{Mettot2014,
author = {Mettot, C. and Renac, F. and Sipp, D.},
journal = {Journal of Computational Physics},
month = {jul},
pages = {234--258},
title = {{Computation of eigenvalue sensitivity to base flow modifications in a discrete framework: Application to open-loop control}},
volume = {269},
year = {2014}
}

@article{Singh2005,
author = {Singh, S. P. and Mittal, S.},
journal = {Journal of Fluids and Structures},
number = {8},
pages = {1085--1104},
title = {{Vortex-induced oscillations at low {R}eynolds numbers: Hysteresis and vortex-shedding modes}},
volume = {20},
year = {2005}
}

@article{Thompson2014,
author = {Thompson, M. C. and Radi, A. and Rao, A. and Sheridan, J. and Hourigan, K.},
journal = {Journal of Fluid Mechanics},
pages = {570--600},
title = {{Low-{R}eynolds-number wakes of elliptical cylinders: from the circular cylinder to the normal flat plate}},
volume = {751},
year = {2014}
}

@article{Yao2016_JFS,
author = {Yao, W. and Jaiman, R. K.},
journal = {Journal of Fluids and Structures},
pages = {313--332},
publisher = {Elsevier},
title = {{A harmonic balance technique for the reduced-order computation of vortex-induced vibration}},
volume = {65},
year = {2016}
}

@article{Yao2016_JCP,
author = {Yao, W. and Liou, M.-S.},
journal = {Journal of Computational Physics},
pages = {58--84},
publisher = {Elsevier Inc.},
title = {{A nonlinear modeling approach using weighted piecewise series and its applications to predict unsteady flows}},
volume = {318},
year = {2016}
}


@article{Zhang2015,
author = {Zhang, W. and Li, X. and Ye, Z. and Jiang, Y.},
journal = {J. Fluid Mech.},
pages = {72--102},
title = {{Mechanism of frequency lock-in in vortex-induced vibrations at low {R}eynolds numbers}},
volume = {783},
year = {2015}
}

@article{Zhao2014c,
author = {Zhao, M. and Cheng, L. and An, H. and Lu, L.},
journal = {Journal of Fluids and Structures},
pages = {292--311},
publisher = {Elsevier},
title = {{Three-dimensional numerical simulation of vortex-induced vibration of an elastically mounted rigid circular cylinder in steady current}},
volume = {50},
year = {2014}
}

@article{Moore1981,
author = {Moore, B. C},
journal = {IEEE Transactions on Automatic Control},
number = {1},
pages = {17 -- 32},
title = {{Principal Component Analysis in Linear Systems: Controllability, Observability, and Model Reduction}},
volume = {26},
year = {1981}
}

@article{Rowley2005,
author = {Rowley, C. W.},
journal = {International Journal of Bifurcation and Chaos},
number = {3},
pages = {997--1013},
title = {{Model Reduction for Fluids, using Balanced Proper Orthogonal Decomposition}},
volume = {15},
year = {2005}
}

@article{Willcox2002,
author = {Willcox, K. and Peraire, J.},
journal = {AIAA Journal},
number = {11},
pages = {2323--2330},
title = {{Balanced Model Reduction via the Proper Orthogonal Decomposition}},
volume = {40},
year = {2002}
}

@article{Yao2015,
author = {Yao, W. and Marques, S.},
journal = {AIAA Journal},
number = {7},
pages = {2040--2051},
title = {{Prediction of Transonic Limit-Cycle Oscillations Using an Aeroelastic Harmonic Balance Method}},
volume = {53},
year = {2015}
}

@article{Marquet2008,
author = {Marquet, O. and Sipp, D. and Jacquin, L.},
journal = {Journal of Fluid Mechanics},
pages = {221--252},
title = {{Sensitivity analysis and passive control of cylinder flow}},
volume = {615},
year = {2008}
}

@article{Luchini2007,
author = {Giannetti, F. and Luchini, P.},
journal = {Journal of Fluid Mechanics},
pages = {167--197},
title = {{Structural sensitivity of the first instability of the cylinder wake}},
volume = {581},
year = {2007}
}

@article{Williamson1996,
author = {Williamson, C. H. K.},
journal = {Annual Review of Fluid Mechanics},
pages = {477--539},
title = {{Vortex Dynamics in the Cylinder Wake}},
volume = {28},
year = {1996}
}

@article{Zhao2013b,
author = {Zhao, M. and Cheng, L. and Zhou, T.},
journal = {Physics of Fluids},
number = {2},
title = {{Numerical simulation of vortex-induced vibration of a square cylinder at a low {R}eynolds number}},
volume = {25},
year = {2013}
}

@article{Jaiman2015,
author = {Jaiman, R. K. and Sen, S. and Gurugubelli, P. S.},
journal = {Computers and Fluids},
pages = {1--18},
title = {{A fully implicit combined field scheme for freely vibrating square cylinders with sharp and rounded corners}},
volume = {112},
year = {2015}
}

@article{He2012,
author = {He, T. and Zhou, D. and Bao, Y.},
journal = {Computer Methods in Applied Mechanics and Engineering},
pages = {81--102},
title = {{Combined interface boundary condition method for fluid-rigid body interaction}},
volume = {223-224},
year = {2012}
}

@article{williamson1989,
title = "Oblique and parallel modes of vortex shedding in the wake of a circular cylinder at low {R}eynolds numbers",
author = {Williamson, C. H. K.},
volume = "206",
pages = "579-627",
year = "1989",
month = "09",
day = "01",
journal = "Journal of Fluid Mechanics"
}

@article{Tham2015,
author = {Tham, D. M. Y. and Gurugubelli, P. S. and Li, Z. and Jaiman, R. K.},
journal = {Journal of Fluids and Structures},
pages = {103--128},
title = {{Freely vibrating circular cylinder in the vicinity of a stationary wall}},
volume = {59},
year = {2015}
}

@article{Mysa2016,
author = {Mysa, R. C. and Kaboudian, A. and Jaiman, R. K.},
journal = {Journal of Fluids and Structures},
pages = {76--98},
title = {{On the origin of wake-induced vibration in two tandem circular cylinders at low {R}eynolds number}},
volume = {61},
year = {2016}
}
@article{MYSA201727,
title = "Interaction dynamics of upstream vortex with vibrating tandem circular cylinder at subcritical Reynolds number",
journal = "Journal of Fluids and Structures",
volume = "75",
pages = "27 - 44",
year = "2017",
issn = "0889-9746",
doi = "https://doi.org/10.1016/j.jfluidstructs.2017.08.001",
url = "http://www.sciencedirect.com/science/article/pii/S0889974616303929",
author = "R.C. Mysa and Y.Z. Law and R.K. Jaiman",
keywords = "Vortex–structure interaction, Wake excitation, Tandem arrangement, Boundary layer, Stagnation point movement"
}
@article{Liubin2016,
         author  = "Liu, B. and Jaiman, R. K.",
         title   = "Interaction dynamics of gap flow and vortex-induced vibration 
         side-by-side cylinder arrangement",
         journal = {Physics of Fluids},
         year    = {2016},
         volume  = {28},
         number  = {12},
         pages  = {127103}
}        

@article{Yu2015,
author = {Yu, Y. and Xie, F. and Yan, H. and Constantinides, Y. and Oakley, O. and Karniadakis, G. E.},
journal = {Journal of Fluids and Structures},
pages = {679--700},
title = {{Suppression of vortex-induced vibrations by fairings: A numerical study}},
volume = {54},
year = {2015}
}
@article{Law2017,
author = {Law, Y. Z. and Jaiman, R. K.},
journal = {Journal of Fluids and Structures},
pages = {428--449},
title = {{Wake stabilization mechanism of low-drag suppression devices 
for vortex-induced vibration}},
volume = {70},
year = {2017}
}



@article{Zhang1995,
author = "Zhang, H.-Q. and Fey, U. and Noack, B. R. and Knig, M. and Eckelmann, H.",
title = "On the transition of the cylinder wake",
journal = "Physics of Fluids",
year = "1995",
volume = "7",
number = "4", 
pages = "779-794",
}

@article{Silva2005,
author = {Silva, W.},
journal = {Nonlinear Dynamics},
keywords = {Nonlinear aeroelasticity,System identification,Volterra theory},
number = {1-2},
pages = {25--62},
title = {{Identification of nonlinear aeroelastic systems based on the {V}olterra theory: Progress and opportunities}},
volume = {39},
year = {2005}
}

@article{Jaiman2016a,
author = {Jaiman, R. K. and Pillalamarri, N. R. and Guan, M. Z.},
journal = {Computer Methods in Applied Mechanics and Engineering},
pages = {187--215},
title = {{A stable second-order partitioned iterative scheme for freely vibrating low-mass bluff bodies in a uniform flow}},
volume = {301},
year = {2016}
}

@article{Jaiman2016b,
author = {Jaiman, R. K. and Guan, M. Z. and Miyanawala, T. P.},
doi = {10.1016/j.compfluid.2016.04.023},
journal = {Computers {\&} Fluids},
pages = {1--22},
title = {{Partitioned Iterative and Dynamic Subgrid-Scale Methods for Freely Vibrating Square-Section Structures at High {R}eynolds Number}},
volume = {133},
year = {2016}
}

@article{Mao2014,
author = "Mao, X. and Blackburn, H. M.",
 title = "The structure of primary instability modes in the steady wake and separation bubble of a square cylinder",
journal = "Physics of Fluids",
year = "2014",
volume = "26",
number = "7", 
eid = 074103,
pages = "",
}


@article{cossu2000,
author = {Cossu, C. and Morino, L.},
journal = {Journal of Fluids and Structures},
pages = {183--196},
title = {{On the instability of a spring-mounted circular cylinder in a viscous
flow at low Reynolds numbers}},
volume = {14},
year = {2000}
}


@article{meliga2011,
title = "An asymptotic expansion for the vortex-induced vibrations of a circular cylinder",
author = "Meliga, P. and Chomaz, J.",
volume = "671",
pages = "137-167",
year = "2011",
month = "003",
day = "25",
journal = "Journal of Fluid Mechanics"
}

@article{jackson1987,
title = "A finite-element study of the onset of vortex shedding in flow past variously shaped bodies",
author = "Jackson, C. P. ",
volume = "182",
pages = "23-45",
year = "1987",
month = "09",
day = "01",
journal = "Journal of Fluid Mechanics"
}


@article{Zielinska1995,
   author = "Zielinska, B. J. A. and Wesfreid, J. E.",
   title = "On the spatial structure of global modes in wake flow",
   journal = "Physics of Fluids",
   year = "1995",
   volume = "7",
   number = "6", 
   pages = "1418-1424",
}

@article{Park2016,
author = {Park, D. and Yang, K. S.},
journal = {Journal of Fluid Mechanics},
pages = {915--932},
title = {{Flow instabilities in the wake of a rounded square cylinder}},
volume = {793},
year = {2016}
}

@Article{govardhan2000modes,
  Title                    = {Modes of vortex formation and frequency response of a freely vibrating cylinder},
  Author                   = {Govardhan, R and Williamson, C. H. K.},
  Journal                  = {Journal of Fluid Mechanics},
  Year                     = {2000},
  Pages                    = {85--130},
  Volume                   = {420},

  File                     = {:GovardhanWilliamson2000.pdf:PDF},
  Publisher                = {Cambridge Univ Press}
}


@Article{williamson1988vortex,
  Title                    = {Vortex-induced vibrations},
  Author                   = {Williamson, C. H. K. and Roshko, A.},
  Journal                  = {Journal of Fluids and Structures},
  Year                     = {1988},
  Pages                    = {355--381},
  Volume                   = {2},

  File                     = {:VortexInducedVibration_GovardhanWilliamson2004Review.pdf:PDF},
  Publisher                = {Annual Reviews}
}



@article{mittal2016,
title = "Lock-in in vortex-induced vibration",
address = "Cambridge, UK",
Author                   = {Navrose and Mittal, S.},
volume = "794",
pages = "565-594",
year = "2016",
month = "005",
day = "10",
journal = "Journal of Fluid Mechanics"
}

@Article{Leontini2006,
  Title                    = {The beginning of branching behaviour of vortex-induced vibration during two-dimensional flow},
  Author                   = {Leontini, J.S. and Thompson, M.C. and Hourigan, K.},
  Journal                  = {Journal of Fluids and Structures},
  Year                     = {2006},
  Pages                    = {857-864},
Volume = {22},
  Owner                    = {daniel},
  Timestamp                = {2014.09.25}
}


@article{zhao2014,
title = "Fluid-structure interaction of a square cylinder at different angles of attack",
author = "J. Zhao and J. S. Leontini and D. L. Jacono and J. Sheridan",
volume = "747",
pages = "688-721",
year = "2014",
month = "005",
day = "25",
journal = "Journal of Fluid Mechanics"
}


@article{morse2009,
author = {Morse, T. L. and Williamson, C. H. K.},
journal = {Journal of Fluid Mechanics},
pages = {5--39},
publisher = {Cambridge University Press},
title = {{Prediction of vortex-induced vibration response by employing controlled motion}},
volume = {634},
year = {2009}
}

@article{Wang2016a,
author = {Wang, C. and Tang, H. and Duan, F. and Yu, S. C. M.},
journal = {Journal of Fluids and Structures},
pages = {160--179},
publisher = {Elsevier},
title = {{Control of wakes and vortex-induced vibrations of a single circular cylinder using synthetic jets}},
volume = {60},
year = {2016}
}

@article{Wang2016b,
author = {Wang, Chenglei and Tang, Hui and Yu, Simon C M and Duan, Fei and Wang, Chenglei and Tang, Hui and Yu, Simon C M and Duan, Fei},
journal = {Physics of Fluids},
title = {{Active control of vortex-induced vibrations of a circular cylinder using windward-suction- leeward-blowing actuation}},
volume = {053601},
year = {2016}
}

@article{Ahuja2010,
author = {Ahuja, S. and Rowley, C. W.},
journal = {Journal of Fluid Mechanics},
pages = {447-478},
title = {{Feedback control of unstable steady states of flow past a flat plate using reduced-order estimators}},
volume = {645},
year = {2010}
}

@article{parkin2014,
title = "Numerical analysis of bluff body wakes under periodic open-loop control",
author = "Derwin J. Parkin and M. C. Thompson and J. Sheridan",
volume = "739",
pages = "94-123",
year = "2014",
month = "001",
day = "25",
journal = "Journal of Fluid Mechanics"
}

@article{yao_jfm_1, 
title={Model reduction and mechanism for the vortex-induced vibrations of bluff bodies}, 
volume={827}, 
DOI={10.1017/jfm.2017.525}, 
journal={Journal of Fluid Mechanics}, 
publisher={Cambridge University Press}, 
author={Yao, W. and Jaiman, R. K.}, 
year={2017}, 
pages={357–393}
}

@article{yao_jfm_2, 
title={Feedback control of unstable flow and vortex-induced vibration using the eigensystem realization algorithm}, 
volume={827}, 
DOI={10.1017/jfm.2017.470}, 
journal={Journal of Fluid Mechanics}, 
publisher={Cambridge University Press}, 
author={Yao, W. and Jaiman, R. K.}, 
year={2017}, 
pages={394–414}
}


@article{pastoor2008,
address = {Cambridge, UK},
author = {Pastoor, M. and Henning, L and Noack, B.R and King, R and Tadmor, G},
journal = {Journal of Fluid Mechanics},
pages = {161--196},
publisher = {Cambridge University Press},
title = {{Feedback shear layer control for bluff body drag reduction}},
volume = {608},
year = {2008}
}


@article{Dergham2011,
author = {G. Dergham and D. Sipp and J.-C. Robinet and A. Barbagallo},
title = {Model reduction for fluids using frequential snapshots},
journal = {Physics of Fluids},
volume = {23},
number = {6},
pages = {064101},
year = {2011},

}


@article{barbagallo2009,
title = "Closed-loop control of an open cavity flow using reduced-order models",
doi = "10.1017/S0022112009991418",
publisher = "Cambridge University Press",
address = "Cambridge, UK",
author = "Alexande Barbagallo and Denis Sipp and Peter J. Schmid",
volume = "641",
pages = "1-50",
year = "2009",
month = "12",
day = "25",
journal = "Journal of Fluid Mechanics"
}

@article{rowley2009,
title = "Spectral analysis of nonlinear flows",
doi = "10.1017/S0022112009992059",
publisher = "Cambridge University Press",
address = "Cambridge, UK",
author = "Rowley, C. W. and Mezic, I. and Bagheri, S. and Schlatter, P. and Henningson, D. S.",
volume = "641",
pages = "115-127",
year = "2009",
month = "12",
day = "25",
journal = "Journal of Fluid Mechanics"
}

@article{schmid2010,
title = "Dynamic mode decomposition of numerical and experimental data",
doi = "10.1017/S0022112010001217",
publisher = "Cambridge University Press",
address = "Cambridge, UK",
author = "Peter J. Schmid",
volume = "656",
pages = "5-28",
year = "2010",
month = "008",
day = "10",
journal = "Journal of Fluid Mechanics"
}


@Article{khalak1999,
  Title                    = {Motions, forces and mode transitions in vortex-induced vibrations at low mass-damping},
  Author                   = {Khalak, A. and Williamson, C.H.K.},
  Journal                  = {Journal of fluids and Structures},
  Year                     = {1999},
  Number                   = {7},
  Pages                    = {813--851},
  Volume                   = {13},

  File                     = {:khalakWilliamson1999.pdf:PDF},
  Publisher                = {Elsevier}
}


@Article{novotny2010,
  Title                    = {Strong coupling, energy splitting, and level 
  crossings: A classical perspective},
  Author                   = {L. Novotny},
  Journal                  = {American Journal of Physics},
  Year                     = {2010},
  Number                   = {78},
  Pages                    = {1199--1202},
  Volume                   = {11},
}

@article{ZDRAVKOVICH1987239,
title = "The effects of interference between circular cylinders in cross flow",
journal = "Journal of Fluids and Structures",
volume = "1",
number = "2",
pages = "239 - 261",
year = "1987",
issn = "0889-9746",
author = "M.M. Zdravkovich"
}

@article{1981323,
  title={Characteristics of the Flow around Two Circular Cylinders Arranged in Tandem : 1st Report},
  author={Tamotsu Igarashi},
  journal={Bulletin of JSME},
  volume={24},
  number={188},
  pages={323-331},
  year={1981},
  doi={10.1299/jsme1958.24.323}
}
@article{bokaian1984, 
title={Wake-induced galloping of two interfering circular cylinders}, 
volume={146}, 
DOI={10.1017/S0022112084001920}, 
journal={Journal of Fluid Mechanics}, 
publisher={Cambridge University Press}, 
author={Bokaian, A. and Geoola, F.}, 
year={1984}, 
pages={383–415}
}

@article{assi2013, 
title={The role of wake stiffness on the wake-induced vibration of the downstream cylinder of a tandem pair}, 
volume={718}, DOI={10.1017/jfm.2012.606}, 
journal={Journal of Fluid Mechanics}, 
publisher={Cambridge University Press}, 
author={Assi, G. R. S. and Bearman, P. W. and Carmo, B. S. and Meneghini, J. R. and Sherwin, S. J. and Willden, R. H. J.}, 
year={2013}, 
pages={210–245}
}

@article{assi2010, 
title={On the wake-induced vibration of tandem circular cylinders: the vortex interaction excitation mechanism}, 
volume={661}, 
DOI={10.1017/S0022112010003095}, 
journal={Journal of Fluid Mechanics}, 
publisher={Cambridge University Press}, 
author={ASSI, G. R. S. and BEARMAN, P. W. and MENEGHINI, J. R.}, 
year={2010}, 
pages={365–401}
}



%% End of file `jfm2esam.bib'.
